<record><leader>00000cas a2200000 a 4500</leader><controlfield tag="001">12346005</controlfield><controlfield tag="008">850803d186u187uiluir ne      0   a0eng c</controlfield><datafield ind1=" " ind2=" " tag="010"><subfield code="a">sn 85038358 </subfield></datafield><datafield ind1=" " ind2=" " tag="040"><subfield code="a">NPY</subfield><subfield code="b">eng</subfield><subfield code="c">NPY</subfield><subfield code="d">NVF</subfield><subfield code="d">OCLCQ</subfield><subfield code="d">OCLCF</subfield><subfield code="d">OCLCO</subfield><subfield code="d">NVF</subfield></datafield><datafield ind1=" " ind2=" " tag="042"><subfield code="a">pcc</subfield></datafield><datafield ind1=" " ind2=" " tag="043"><subfield code="a">n-us-il</subfield></datafield><datafield ind1="0" ind2="0" tag="245"><subfield code="a">Peoria tri-weekly transcript.</subfield></datafield><datafield ind1="3" ind2=" " tag="246"><subfield code="a">Peoria triweekly transcript</subfield></datafield><datafield ind1=" " ind2=" " tag="260"><subfield code="a">Peoria, Ill. :</subfield><subfield code="b">[Nathan C. Geer]</subfield></datafield><datafield ind1=" " ind2=" " tag="300"><subfield code="a">v.</subfield></datafield><datafield ind1=" " ind2=" " tag="310"><subfield code="a">Triweekly</subfield></datafield><datafield ind1=" " ind2=" " tag="580"><subfield code="a">Weekly ed.: Peoria weekly transcript, &lt;1866-1876&gt;.</subfield></datafield><datafield ind1=" " ind2=" " tag="580"><subfield code="a">Daily ed.: Peoria daily transcript, &lt;1866-1876&gt;.</subfield></datafield><datafield ind1=" " ind2=" " tag="588"><subfield code="a">Description based on: Vol. 11, no. 37 (Feb. 13, 1866).</subfield></datafield><datafield ind1=" " ind2=" " tag="588"><subfield code="a">Latest issue consulted: Jan. 4, 1876.</subfield></datafield><datafield ind1=" " ind2="0" tag="651"><subfield code="a">Peoria (Ill.)</subfield><subfield code="v">Newspapers.</subfield></datafield><datafield ind1=" " ind2="7" tag="651"><subfield code="a">Illinois</subfield><subfield code="z">Peoria.</subfield><subfield code="2">fast</subfield><subfield code="0">(OCoLC)fst01206107</subfield></datafield><datafield ind1=" " ind2="7" tag="655"><subfield code="a">Newspapers.</subfield><subfield code="2">fast</subfield><subfield code="0">(OCoLC)fst01423814</subfield></datafield><datafield ind1=" " ind2=" " tag="752"><subfield code="a">United States</subfield><subfield code="b">Illinois</subfield><subfield code="c">Peoria County</subfield><subfield code="d">Peoria.</subfield></datafield><datafield ind1="1" ind2=" " tag="775"><subfield code="t">Peoria daily transcript</subfield><subfield code="w">(DLC)sn 84038610</subfield><subfield code="w">(OCoLC)11358612</subfield></datafield><datafield ind1="1" ind2=" " tag="775"><subfield code="t">Peoria weekly transcript</subfield><subfield code="w">(DLC)sn 85038359</subfield><subfield code="w">(OCoLC)12346009</subfield></datafield><datafield ind1="0" ind2="0" tag="780"><subfield code="t">Tri-weekly transcript (Peoria, Ill.)</subfield><subfield code="w">(DLC)sn 84038614</subfield><subfield code="w">(OCoLC)11358951</subfield></datafield><datafield ind1="1" ind2=" " tag="029"><subfield code="a">AU@</subfield><subfield code="b">000020383694</subfield></datafield></record>